@InProceedings{Blaze98,
author="Blaze, Matt
and Bleumer, Gerrit
and Strauss, Martin",
editor="Nyberg, Kaisa",
title="Divertible protocols and atomic proxy cryptography",
booktitle="Advances in Cryptology --- EUROCRYPT'98",
year="1998",
publisher="Springer Berlin Heidelberg",
address="Berlin, Heidelberg",
pages="127--144",
abstract="First, we introduce the notion of divertibility as a protocol property as opposed to the existing notion as a language property (see Okamoto, Ohta [OO90]). We give a definition of protocol divertibility that applies to arbitrary 2-party protocols and is compatible with Okamoto and Ohta's definition in the case of interactive zero-knowledge proofs. Other important examples falling under the new definition are blind signature protocols. We propose a sufficiency criterion for divertibility that is satisfied by many existing protocols and which, surprisingly, generalizes to cover several protocols not normally associated with divertibility (e.g., Diffie-Hellman key exchange). Next, we introduce atomic proxy cryptography, in which an atomic proxy function, in conjunction with a public proxy key, converts ciphertexts (messages or signatures) for one key into ciphertexts for another. Proxy keys, once generated, may be made public and proxy functions applied in untrusted environments. We present atomic proxy functions for discrete-log-based encryption, identification, and signature schemes. It is not clear whether atomic proxy functions exist in general for all public-key cryptosystems. Finally, we discuss the relationship between divertibility and proxy cryptography.",
isbn="978-3-540-69795-4"
}
@article{ateniese2006improved,
  title={Improved proxy re-encryption schemes with applications to secure distributed storage},
  author={Ateniese, Giuseppe and Fu, Kevin and Green, Matthew and Hohenberger, Susan},
  journal={ACM Transactions on Information and System Security (TISSEC)},
  volume={9},
  number={1},
  pages={1--30},
  year={2006},
  publisher={ACM New York, NY, USA}
}
@phdthesis{devigne:tel-01081377,
  TITLE = {{Protocoles de re-chiffrement pour le stockage de donn{\'e}es}},
  AUTHOR = {Devigne, Julien},
  URL = {https://hal.archives-ouvertes.fr/tel-01081377},
  SCHOOL = {{Universit{\'e} de Caen}},
  YEAR = {2013},
  MONTH = Dec,
  KEYWORDS = {public key cryptography ; data encryption (computer science) ; data protection ; cryptographie {\`a} cl{\'e} publique ; chiffrement (informatique) ; stockage en ligne (informatique) ; protection de l'information (informatique)},
  TYPE = {Theses},
  PDF = {https://hal.archives-ouvertes.fr/tel-01081377/file/These-Julien-Devigne-2013.pdf},
  HAL_ID = {tel-01081377},
  HAL_VERSION = {v1},
}

@article{liu2020development,
  title={The Development of Proxy Re-Encryption},
  author={Liu, Yepeng and Ren, Yongjun and Wang, Qirun and Xia, Jinyue},
  journal={Journal of Cybersecurity},
  volume={2},
  number={1},
  pages={1},
  year={2020},
  publisher={Tech Science Press}
}
@article{elgamal1985public,
  title={A public key cryptosystem and a signature scheme based on discrete logarithms},
  author={ElGamal, Taher},
  journal={IEEE transactions on information theory},
  volume={31},
  number={4},
  pages={469--472},
  year={1985},
  publisher={IEEE}
}
@inproceedings{ivan2003proxy,
  title={Proxy Cryptography Revisited.},
  author={Ivan, Anca-Andreea and Dodis, Yevgeniy},
  booktitle={NDSS},
  year={2003}
}
@inproceedings{canetti2007chosen,
  title={Chosen-ciphertext secure proxy re-encryption},
  author={Canetti, Ran and Hohenberger, Susan},
  booktitle={Proceedings of the 14th ACM conference on Computer and communications security},
  pages={185--194},
  year={2007}
}
@inproceedings{kirshanova2014proxy,
  title={Proxy re-encryption from lattices},
  author={Kirshanova, Elena},
  booktitle={International Workshop on Public Key Cryptography},
  pages={77--94},
  year={2014},
  organization={Springer}
}
@inproceedings{libert2008unidirectional,
  title={Unidirectional chosen-ciphertext secure proxy re-encryption},
  author={Libert, Beno{\^\i}t and Vergnaud, Damien},
  booktitle={International Workshop on Public Key Cryptography},
  pages={360--379},
  year={2008},
  organization={Springer}
}
@inproceedings{shao2009cca,
  title={CCA-secure proxy re-encryption without pairings},
  author={Shao, Jun and Cao, Zhenfu},
  booktitle={International Workshop on Public Key Cryptography},
  pages={357--376},
  year={2009},
  organization={Springer}
}

@article{ring2001signature,
	title={How to leak a secret},
	author={Rivest, Shamir, Tauman},
	journal={Lecture Notes in Computer Science},
	volume={2248},
	pages={552--565},
	year={2001},
	publisher={Springer}
}

@phdthesis{Sign2007Emil,
	author = {Emiline,Hufschmitt},
	title = {Signatures pour l'anonymat fond\'ees sur les couplages et applications},
	School = {Universit\'e de Caen},
	year = {2007},
	type = {These de doctorat},
	url = {https://tel.archives-ouvertes.fr/tel-00258773},
}

@inproceedings{BKM2006Ring,
	title={How to leak a secret},
	author={Bender, Katz, Morselli},
	journal={Lecture Notes in Computer Science},
	booktitle={Theory of cryptography}
	volume={3876},
	pages={60-79},
	year={2006},
	publisher={Springer}
}

@inproceedings{BSS2002Ring,
	title={Threshold  ring signatures ans applications to Ad-hoc Groups},
	author={Bresson, Stern, Szydlo},
	journal={Lecture Notes in Computer Science},
	booktitle={Cryto 2002}
	volume={2442},
	pages={465-480},
	year={2002},
}

@inproceedings{CayVer2012Ring,
	title={An improve threshold ring signature scheme based on error correcting codes},
	author={Cayrel, Alaoui, Hoffmann, Veron},
	journal={Lecture Notes in Computer Science},
	booktitle={Arithmetic of Finite Fields}
	volume={3876},
	pages={44-63},
	year={2012},
	publisher={Springer}
}

@article{ShadowRing,
	title={Shadow: Zero-knowledge Anonymous Distribued electronic Cash via Traceable Ring Signature},
	author={Rynomster, Tecnovert},
}

@article{Naor2002Ring,
	title={Deniable ring authentification},
	author={Naor},
	booktitle={CRYPTO 2002},
	pages={481-498},
}
